<record><leader>00000cas a22000007a 4500</leader><controlfield tag="001">24959433</controlfield><controlfield tag="008">911216d18961uuuohuwr ne      0    0eng d</controlfield><datafield ind1=" " ind2=" " tag="010"><subfield code="a">sn 91069196 </subfield></datafield><datafield ind1=" " ind2=" " tag="040"><subfield code="a">ONP</subfield><subfield code="b">eng</subfield><subfield code="c">ONP</subfield><subfield code="d">OCLCQ</subfield></datafield><datafield ind1=" " ind2=" " tag="042"><subfield code="a">msc</subfield></datafield><datafield ind1="0" ind2=" " tag="130"><subfield code="a">Times (Glenville, Ohio : 1896)</subfield></datafield><datafield ind1="1" ind2="4" tag="245"><subfield code="a">The Times.</subfield></datafield><datafield ind1=" " ind2=" " tag="260"><subfield code="a">Glenville, Ohio :</subfield><subfield code="b">Times Pub. Co.</subfield></datafield><datafield ind1=" " ind2=" " tag="300"><subfield code="a">v.</subfield></datafield><datafield ind1=" " ind2=" " tag="310"><subfield code="a">Weekly</subfield></datafield><datafield ind1=" " ind2=" " tag="588"><subfield code="a">Description based on: 10th year, no. 2 (Aug. 14, 1896).</subfield></datafield><datafield ind1=" " ind2=" " tag="752"><subfield code="a">United States</subfield><subfield code="b">Ohio</subfield><subfield code="c">Cuyahoga</subfield><subfield code="d">Cleveland.</subfield></datafield><datafield ind1=" " ind2=" " tag="752"><subfield code="a">United States</subfield><subfield code="b">Ohio</subfield><subfield code="c">Cuyahoga</subfield><subfield code="d">Glenville.</subfield></datafield><datafield ind1="0" ind2="0" tag="780"><subfield code="t">Lake Shore chronicle</subfield></datafield><datafield ind1="0" ind2="0" tag="785"><subfield code="t">Glenville times (Glenville, Ohio : 1901)</subfield><subfield code="w">(DLC)sn 84028769</subfield></datafield></record>